@article{Koza2003,
	author = {John R. Koza, Martin A. Keane, Matthew J. Streeter},
	title = {Evolving inventions},
	journal = {Scientific American},
	number = {288},
	pages ={52--59},
	year = {2003}
}

@book{Michalewicz:1996:GAD:229930,
	author = {Michalewicz, Zbigniew},
	title = {Genetic Algorithms + Data Structures = Evolution Programs (3rd Ed.)},
	year = {1996},
	isbn = {3-540-60676-9},
	publisher = {Springer-Verlag},
	address = {London, UK, UK},
}

@article{Sims:1994:EMB:1667943.1667946,
	author = {Sims, Karl},
	title = {Evolving 3D Morphology and Behavior by Competition},
	journal = {Artif. Life},
	issue_date = {Summer 1994},
	volume = {1},
	number = {4},
	year = {1994},
	issn = {1064-5462},
	pages = {353--372},
	numpages = {20},
	acmid = {1667946},
	publisher = {MIT Press},
	address = {Cambridge, MA, USA},
	keywords = {artificial evolution, artificial life, coevolution, dynamic simulation, evolutionary programming, virtual creatures},
}

@misc{Floreano:Evolution:2010,
    author = {Dario Floreano and Laurent Keller and De Natura Deorum},
    title = {Evolution of Adaptive Behaviour in Robots by Means of Darwinian Selection},
    year = {2010}
}

@article{Janikow,
	year={1993},
	issn={0885-6125},
	journal={Machine Learning},
	volume={13},
	number={2-3},
	doi={10.1007/BF00993043},
	title={A knowledge-intensive genetic algorithm for supervised learning},
	publisher={Kluwer Academic Publishers},
	keywords={Genetic algorithms; machine learning; symbolic learning; supervised learning},
	author={Janikow, CezaryZ.},
	pages={189-228},
	language={English}
}


@inproceedings{130359,
	author={Spears, W.M. and De Jong, K.A.},
	booktitle={Tools for Artificial Intelligence, 1990.,Proceedings of the 2nd International IEEE Conference on},
	title={Using genetic algorithms for supervised concept learning},
	year={1990},
	month={Nov},
	pages={335-341},
	keywords={artificial intelligence;genetic algorithms;learning systems;ID5R;batch-incremental mode;genetic algorithms;incremental concept learner;supervised concept learning;symbolic learning task;Computer science;Genetic algorithms;Genetic mutations;Law;Legal factors;Testing;Time measurement},
	doi={10.1109/TAI.1990.130359},
}

@article{4075583,
	author={Grefenstette, J.J.},
	journal={Systems, Man and Cybernetics, IEEE Transactions on},
	title={Optimization of Control Parameters for Genetic Algorithms},
	year={1986},
	volume={16},
	number={1},
	pages={122-128},
	keywords={Adaptive control;Adaptive systems;Algorithm design and analysis;Control theory;Design optimization;Genetic algorithms;Image registration;Process control;Programmable control;Response surface methodology},
	doi={10.1109/TSMC.1986.289288},
	ISSN={0018-9472},
}

@article{6036171,
	author={McGinley, B. and Maher, J. and O'Riordan, C. and Morgan, F.},
	journal={Evolutionary Computation, IEEE Transactions on},
	title={Maintaining Healthy Population Diversity Using Adaptive Crossover, Mutation, and Selection},
	year={2011},
	month={Oct},
	volume={15},
	number={5},
	pages={692-714},
	keywords={genetic algorithms;ACROMUSE fitness landscape change;ACROMUSE tournament selection;HPD;SPD measure;adapting tournament size;adaptive crossover;adaptive mutation;adaptive operator;adaptive selection pressure control;diverse population;genetic algorithm;healthy population diversity;multimodal benchmark function;multimodal fitness landscape;standard population diversity performance;Algorithm design and analysis;Convergence;Genetic algorithms;Genetics;Optimization;Pressure measurement;Size measurement;Genetic algorithm parameter adaptation;healthy population diversity},
	doi={10.1109/TEVC.2010.2046173},
	ISSN={1089-778X},
}